<collection xmlns="http://www.loc.gov/MARC21/slim">
<record>
  <leader>00956nam0a2200217 i 450 </leader>
  <controlfield tag="001">IT\ICCU\CNCE\001200</controlfield>
  <controlfield tag="005">20160510000000.0</controlfield>
  <datafield tag="012" ind1=" " ind2=" ">
    <subfield code="a">O.tu no,&amp; uina uiu* (C) 1574 (Q)</subfield>
    <subfield code="2">fei</subfield>
  </datafield>
  <datafield tag="100" ind1=" " ind2=" ">
    <subfield code="a">19970101f1574        0itac0103    ba</subfield>
  </datafield>
  <datafield tag="101" ind1=" " ind2=" ">
    <subfield code="a">ITA</subfield>
  </datafield>
  <datafield tag="102" ind1=" " ind2=" ">
    <subfield code="a">IT</subfield>
  </datafield>
  <datafield tag="200" ind1="1" ind2=" ">
    <subfield code="a">℗Le ℗allegrezze et solennita fatte in Cracouia ... Nella coronatione del serenissimo re Henrico di Valois</subfield>
  </datafield>
  <datafield tag="210" ind1=" " ind2=" ">
    <subfield code="a">In Roma</subfield>
    <subfield code="d">et poi ristampata in Viterbo</subfield>
    <subfield code="d">\1574?!</subfield>
  </datafield>
  <datafield tag="215" ind1=" " ind2=" ">
    <subfield code="a">\4! c.</subfield>
    <subfield code="d">4ʻ</subfield>
  </datafield>
  <datafield tag="300" ind1=" " ind2=" ">
    <subfield code="a">Stampata presumibilmente da Agostino Colaldo, come si ricava dall&apos;analisi del materiale tipografico. - La data si ricava dal testo</subfield>
  </datafield>
  <datafield tag="620" ind1=" " ind2=" ">
    <subfield code="a">IT</subfield>
    <subfield code="d">Viterbo</subfield>
  </datafield>
  <datafield tag="712" ind1="0" ind2="0">
    <subfield code="a">Colaldi, Agostino</subfield>
    <subfield code="3">IT\ICCU\CNCT\000505</subfield>
    <subfield code="4">650</subfield>
  </datafield>
  <datafield tag="791" ind1="0" ind2="0">
    <subfield code="a">Colaldus, Augustinus</subfield>
    <subfield code="3">IT\ICCU\CNCT\004628</subfield>
    <subfield code="z">Colaldi, Agostino</subfield>
  </datafield>
  <datafield tag="791" ind1="0" ind2="0">
    <subfield code="a">Colaldo, Agostino</subfield>
    <subfield code="3">IT\ICCU\CNCT\004629</subfield>
    <subfield code="z">Colaldi, Agostino</subfield>
  </datafield>
  <datafield tag="801" ind1=" " ind2="3">
    <subfield code="a">IT</subfield>
    <subfield code="b">ICCU</subfield>
    <subfield code="c">20201113</subfield>
  </datafield>
  <datafield tag="899" ind1=" " ind2=" ">
    <subfield code="a">Biblioteca del comune e dell&apos;Accademia etrusca. Cortona</subfield>
    <subfield code="1">AR0034</subfield>
    <subfield code="2">RT1 QE</subfield>
  </datafield>
</record>
</collection>
